[gd_scene load_steps=19 format=2]

[ext_resource path="res://objects/super_dead_gunner/sprite.png" type="Texture" id=1]
[ext_resource path="res://objects/super_dead_gunner/gunner.gd" type="Script" id=2]

[sub_resource type="AtlasTexture" id=1]
atlas = ExtResource( 1 )
region = Rect2( 0, 0, 36, 32 )

[sub_resource type="AtlasTexture" id=2]
atlas = ExtResource( 1 )
region = Rect2( 36, 0, 36, 32 )

[sub_resource type="AtlasTexture" id=3]
atlas = ExtResource( 1 )
region = Rect2( 72, 0, 36, 32 )

[sub_resource type="AtlasTexture" id=4]
atlas = ExtResource( 1 )
region = Rect2( 108, 0, 36, 32 )

[sub_resource type="AtlasTexture" id=5]
atlas = ExtResource( 1 )
region = Rect2( 144, 0, 36, 32 )

[sub_resource type="AtlasTexture" id=6]
atlas = ExtResource( 1 )
region = Rect2( 180, 0, 36, 32 )

[sub_resource type="AtlasTexture" id=7]
atlas = ExtResource( 1 )
region = Rect2( 216, 0, 36, 32 )

[sub_resource type="AtlasTexture" id=8]
atlas = ExtResource( 1 )
region = Rect2( 252, 0, 36, 32 )

[sub_resource type="AtlasTexture" id=12]
atlas = ExtResource( 1 )
region = Rect2( 0, 32, 36, 32 )

[sub_resource type="AtlasTexture" id=13]
atlas = ExtResource( 1 )
region = Rect2( 36, 32, 36, 32 )

[sub_resource type="AtlasTexture" id=14]
atlas = ExtResource( 1 )
region = Rect2( 72, 32, 36, 32 )

[sub_resource type="AtlasTexture" id=15]
atlas = ExtResource( 1 )
region = Rect2( 108, 32, 36, 32 )

[sub_resource type="AtlasTexture" id=16]
atlas = ExtResource( 1 )
region = Rect2( 144, 32, 36, 32 )

[sub_resource type="SpriteFrames" id=9]
animations = [ {
"frames": [ SubResource( 1 ) ],
"loop": true,
"name": "default",
"speed": 5.0
}, {
"frames": [ SubResource( 2 ), SubResource( 3 ), SubResource( 4 ), SubResource( 5 ), SubResource( 6 ), SubResource( 7 ), SubResource( 8 ) ],
"loop": true,
"name": "walk",
"speed": 5.0
}, {
"frames": [ SubResource( 12 ), SubResource( 13 ), SubResource( 14 ), SubResource( 15 ), SubResource( 16 ) ],
"loop": true,
"name": "attack",
"speed": 5.0
} ]

[sub_resource type="CircleShape2D" id=10]
radius = 14.5147

[sub_resource type="RectangleShape2D" id=11]
extents = Vector2( 17.1584, 16.7305 )

[node name="gunner" type="KinematicBody2D" groups=[
"enemies",
]]
script = ExtResource( 2 )

[node name="sprite" type="AnimatedSprite" parent="."]
frames = SubResource( 9 )
animation = "attack"
playing = true

[node name="CollisionShape2D" type="CollisionShape2D" parent="."]
shape = SubResource( 10 )

[node name="Area2D" type="Area2D" parent="."]

[node name="CollisionShape2D" type="CollisionShape2D" parent="Area2D"]
visible = false
position = Vector2( 0, -0.222725 )
shape = SubResource( 11 )

[node name="RayCast2D" type="RayCast2D" parent="Area2D"]
enabled = true
cast_to = Vector2( 0, 20 )
collide_with_areas = true
