[gd_scene load_steps=19 format=2]

[ext_resource path="res://objects/super_dead_gunner/sprite.png" type="Texture" id=1]
[ext_resource path="res://objects/super_dead_gunner/gunner.gd" type="Script" id=2]

[sub_resource type="AtlasTexture" id=1]
atlas = ExtResource( 1 )
region = Rect2( 0, 0, 36, 32 )

[sub_resource type="AtlasTexture" id=2]
atlas = ExtResource( 1 )
region = Rect2( 36, 0, 36, 32 )

[sub_resource type="AtlasTexture" id=3]
atlas = ExtResource( 1 )
region = Rect2( 72, 0, 36, 32 )

[sub_resource type="AtlasTexture" id=4]
atlas = ExtResource( 1 )
region = Rect2( 108, 0, 36, 32 )

[sub_resource type="AtlasTexture" id=5]
atlas = ExtResource( 1 )
region = Rect2( 144, 0, 36, 32 )

[sub_resource type="AtlasTexture" id=6]
atlas = ExtResource( 1 )
region = Rect2( 180, 0, 36, 32 )

[sub_resource type="AtlasTexture" id=7]
atlas = ExtResource( 1 )
region = Rect2( 216, 0, 36, 32 )

[sub_resource type="AtlasTexture" id=8]
atlas = ExtResource( 1 )
region = Rect2( 252, 0, 36, 32 )

[sub_resource type="AtlasTexture" id=9]
atlas = ExtResource( 1 )
region = Rect2( 0, 32, 36, 32 )

[sub_resource type="AtlasTexture" id=10]
atlas = ExtResource( 1 )
region = Rect2( 36, 32, 36, 32 )

[sub_resource type="AtlasTexture" id=11]
atlas = ExtResource( 1 )
region = Rect2( 72, 32, 36, 32 )

[sub_resource type="AtlasTexture" id=12]
atlas = ExtResource( 1 )
region = Rect2( 108, 32, 36, 32 )

[sub_resource type="AtlasTexture" id=13]
atlas = ExtResource( 1 )
region = Rect2( 144, 32, 36, 32 )

[sub_resource type="SpriteFrames" id=14]
animations = [ {
"frames": [ SubResource( 1 ) ],
"loop": true,
"name": "default",
"speed": 5.0
}, {
"frames": [ SubResource( 2 ), SubResource( 3 ), SubResource( 4 ), SubResource( 5 ), SubResource( 6 ), SubResource( 7 ), SubResource( 8 ) ],
"loop": true,
"name": "walk",
"speed": 5.0
}, {
"frames": [ SubResource( 9 ), SubResource( 10 ), SubResource( 11 ), SubResource( 12 ), SubResource( 13 ) ],
"loop": true,
"name": "attack",
"speed": 5.0
} ]

[sub_resource type="CircleShape2D" id=15]
radius = 14.5147

[sub_resource type="RectangleShape2D" id=16]
extents = Vector2( 17.1584, 16.7305 )

[node name="gunner" type="KinematicBody2D" groups=[
"enemies",
]]
script = ExtResource( 2 )

[node name="sprite" type="AnimatedSprite" parent="."]
frames = SubResource( 14 )
animation = "attack"
frame = 1
playing = true

[node name="CollisionShape2D" type="CollisionShape2D" parent="."]
shape = SubResource( 15 )

[node name="Area2D" type="Area2D" parent="."]

[node name="CollisionShape2D" type="CollisionShape2D" parent="Area2D"]
visible = false
position = Vector2( 0, -0.222725 )
shape = SubResource( 16 )

[node name="RayCast2D" type="RayCast2D" parent="Area2D"]
enabled = true
cast_to = Vector2( 0, 20 )
collide_with_areas = true

[node name="ground_check_r" type="RayCast2D" parent="Area2D"]
position = Vector2( 15, 0 )
enabled = true
cast_to = Vector2( 0, 20 )
collide_with_areas = true

[node name="ground_check_l" type="RayCast2D" parent="Area2D"]
position = Vector2( -15, 0 )
enabled = true
cast_to = Vector2( 0, 20 )
collide_with_areas = true

[node name="VisibilityNotifier2D" type="VisibilityNotifier2D" parent="."]

[node name="offscreen_timer" type="Timer" parent="."]
wait_time = 5.0
one_shot = true
[connection signal="area_shape_entered" from="Area2D" to="." method="_on_Area2D_area_shape_entered"]
[connection signal="viewport_entered" from="VisibilityNotifier2D" to="." method="_on_VisibilityNotifier2D_viewport_entered"]
[connection signal="viewport_exited" from="VisibilityNotifier2D" to="." method="_on_VisibilityNotifier2D_viewport_exited"]
[connection signal="timeout" from="offscreen_timer" to="." method="_on_offscreen_timer_timeout"]
